@book{main_book,
 title={Authoring Books and Technical Documents with {R} Markdown},
 url={https://www.jstatsoft.org/index.php/jss/article/view/v087b01},
 ISBN={9781138700109},
 edition={1},
 author={Yihui Xie},
 year={2017},
 publisher={Chapman \& Hall},
 url={https://bookdown.org/yihui/bookdown/}
}




@Manual{ineapir,
  title = {ineapir: Obtaining data published by the National Statistics Institute},
  author = {David Crespo},
  year = {2024},
  note = {R package version 0.0.0.9000, https://es-ine.github.io/ineapir/},
  url = {https://github.com/es-ine/ineapir},
}